<?xml version="1.0" encoding="UTF-8"?><collection xmlns="http://www.loc.gov/MARC21/slim"><record><leader>00533nam--2200181-i-4500</leader><controlfield tag="001">000027675</controlfield><controlfield tag="002">20161230</controlfield><controlfield tag="005">20161230201036</controlfield><controlfield tag="008">060222s1000------------r-----000-0-eng-d</controlfield><datafield ind1=" " ind2=" " tag="040"><subfield code="a">IFIN-HH</subfield></datafield><datafield ind1=" " ind2=" " tag="080"><subfield code="a">532</subfield></datafield><datafield ind1="1" ind2=" " tag="100"><subfield code="a">Alder, B.J</subfield></datafield><datafield ind1="1" ind2="0" tag="245"><subfield code="a">John gamble kirkwood. collected works</subfield><subfield code="b">General editor: irwin oppenhein. theory of liquids</subfield><subfield code="c">B.j.alder</subfield></datafield><datafield ind1=" " ind2=" " tag="260"><subfield code="a">New York, Gordon And Breach Sci. Publ., 1968</subfield></datafield><datafield ind1=" " ind2=" " tag="300"><subfield code="a">XXIV+140P</subfield></datafield><datafield ind1=" " ind2=" " tag="490"><subfield code="a">Documents On Modern Physics</subfield></datafield><datafield ind1=" " ind2=" " tag="852"><subfield code="a">30532</subfield><subfield code="c">532</subfield></datafield><datafield ind1=" " ind2=" " tag="CAT"><subfield code="a">Sys</subfield><subfield code="c">20100714</subfield><subfield code="h">114314</subfield></datafield></record></collection>